<?xml version="1.0" encoding="UTF-8"?><collection xmlns="http://www.loc.gov/MARC21/slim"><record><leader>00416nam--2200157-u-4500</leader><controlfield tag="001">000034868</controlfield><controlfield tag="002">20161230</controlfield><controlfield tag="005">20161230201040</controlfield><controlfield tag="008">060222s1000------------r-----000-0-eng-d</controlfield><datafield ind1=" " ind2=" " tag="040"><subfield code="a">IFIN-HH</subfield></datafield><datafield ind1=" " ind2=" " tag="080"><subfield code="a">535.231.2(083)</subfield></datafield><datafield ind1="1" ind2=" " tag="100"><subfield code="a">Pivovonsky, M</subfield></datafield><datafield ind1="1" ind2="0" tag="245"><subfield code="a">Tables of blackbody radiation functions</subfield><subfield code="c">Mark pivovonsky, max r. nagel</subfield></datafield><datafield ind1=" " ind2=" " tag="260"><subfield code="a">New York</subfield><subfield code="b">Macmillan Co</subfield><subfield code="c">1961</subfield></datafield><datafield ind1=" " ind2=" " tag="300"><subfield code="a">XLII + 481P</subfield></datafield><datafield ind1=" " ind2=" " tag="852"><subfield code="a">31952</subfield></datafield></record></collection>